<record><leader>00000cas a2200000 a 4500</leader><controlfield tag="001">759869648</controlfield><controlfield tag="007">hd afb---bucu</controlfield><controlfield tag="007">hd bfb---buau</controlfield><controlfield tag="007">hd bfb---bubu</controlfield><controlfield tag="008">111107c19199999wauwr n a     0    0eng c</controlfield><datafield ind1=" " ind2=" " tag="010"><subfield code="a">  2011252807</subfield></datafield><datafield ind1=" " ind2=" " tag="040"><subfield code="a">WAU</subfield><subfield code="b">eng</subfield><subfield code="c">WAU</subfield><subfield code="d">OCLCF</subfield></datafield><datafield ind1=" " ind2=" " tag="042"><subfield code="a">pcc</subfield></datafield><datafield ind1=" " ind2=" " tag="043"><subfield code="a">n-us-wa</subfield></datafield><datafield ind1="0" ind2="4" tag="245"><subfield code="a">The talisman</subfield><subfield code="h">[microform].</subfield></datafield><datafield ind1="1" ind2=" " tag="246"><subfield code="a">Ballard talisman</subfield></datafield><datafield ind1=" " ind2=" " tag="260"><subfield code="a">Ballard, Wash. :</subfield><subfield code="b">Ballard High School</subfield></datafield><datafield ind1=" " ind2=" " tag="300"><subfield code="a">v. :</subfield><subfield code="b">ill.</subfield></datafield><datafield ind1=" " ind2=" " tag="310"><subfield code="a">Weekly</subfield></datafield><datafield ind1="1" ind2=" " tag="362"><subfield code="a">Began with: Vol. 1, no. 16 (Feb. 20, 1919).</subfield></datafield><datafield ind1=" " ind2=" " tag="533"><subfield code="a">Microfilm.</subfield><subfield code="n">v.1:no.16 (Feb. 20, 1919)-v.82:no.11 (June 9, 2000)</subfield><subfield code="b">Lacey, WA :</subfield><subfield code="c">Filmed for the University of Washington Libraries,</subfield><subfield code="d">2006.</subfield><subfield code="e">microfilm reels ; 35 mm.</subfield></datafield><datafield ind1=" " ind2=" " tag="588"><subfield code="a">Description based on: Vol. 1, no. 16 (Feb. 20, 1919); title from masthead.</subfield></datafield><datafield ind1=" " ind2=" " tag="588"><subfield code="a">Latest issue consulted: Vol. 82, no. 11 (June 9, 2000).</subfield></datafield><datafield ind1="2" ind2="0" tag="610"><subfield code="a">Ballard High School (Seattle, Wash.)</subfield><subfield code="v">Newspapers.</subfield></datafield><datafield ind1=" " ind2="7" tag="655"><subfield code="a">Newspapers.</subfield><subfield code="2">fast</subfield><subfield code="0">(OCoLC)fst01423814</subfield></datafield><datafield ind1="2" ind2="7" tag="610"><subfield code="a">Ballard High School (Seattle, Wash.)</subfield><subfield code="2">fast</subfield><subfield code="0">(OCoLC)fst01776888</subfield></datafield><datafield ind1="0" ind2="0" tag="780"><subfield code="t">Touchdown Ballard</subfield><subfield code="w">(DLC)  2011252806</subfield><subfield code="w">(OCoLC)759868644</subfield></datafield><datafield ind1=" " ind2=" " tag="850"><subfield code="a">WAU</subfield><subfield code="a">WAU (master)</subfield></datafield></record>